{
  "leader": "01396cam a2200349Ii 4500",
  "fields": [
    {
      "001": "ocm04362216\\"
    },
    {
      "003": "OCoLC"
    },
    {
      "005": "20220712111359.0"
    },
    {
      "008": "781110s1973\\\\\\\\ch\\a\\\\\\\\\\b\\\\\\\\000\\0\\eng\\d"
    },
    {
      "040": {
        "ind1": "\\",
        "ind2": "\\",
        "subfields": [
          {
            "a": "EYM"
          },
          {
            "b": "eng"
          },
          {
            "c": "EYM"
          },
          {
            "d": "OCLCQ"
          },
          {
            "d": "OCLCF"
          },
          {
            "d": "OCLCQ"
          },
          {
            "d": "OCLCO"
          },
          {
            "d": "OCLCA"
          },
          {
            "d": "OCLCO"
          }
        ]
      }
    },
    {
      "035": {
        "ind1": "\\",
        "ind2": "\\",
        "subfields": [
          {
            "a": "(OCoLC)4362216"
          }
        ]
      }
    },
    {
      "043": {
        "ind1": "\\",
        "ind2": "\\",
        "subfields": [
          {
            "a": "a-ch---"
          }
        ]
      }
    },
    {
      "050": {
        "ind1": "\\",
        "ind2": "4",
        "subfields": [
          {
            "a": "HQ766.5.T3"
          },
          {
            "b": "T88"
          }
        ]
      }
    },
    {
      "082": {
        "ind1": "0",
        "ind2": "4",
        "subfields": [
          {
            "a": "301.32951249"
          },
          {
            "b": "TSU"
          }
        ]
      }
    },
    {
      "100": {
        "ind1": "1",
        "ind2": "\\",
        "subfields": [
          {
            "a": "Tsuei, Julia J."
          }
        ]
      }
    },
    {
      "245": {
        "ind1": "1",
        "ind2": "4",
        "subfields": [
          {
            "a": "The challenge, the effort :"
          },
          {
            "b": "a reference book for family planning workers /"
          },
          {
            "c": "Julia J. Tsuei."
          }
        ]
      }
    },
    {
      "260": {
        "ind1": "\\",
        "ind2": "\\",
        "subfields": [
          {
            "a": "Taipei, Taiwan :"
          },
          {
            "b": "Maternity & Child Health Demonstration Project,"
          },
          {
            "c": "1973."
          }
        ]
      }
    },
    {
      "300": {
        "ind1": "\\",
        "ind2": "\\",
        "subfields": [
          {
            "a": "260 pages :"
          },
          {
            "b": "illustrations ;"
          },
          {
            "c": "27 cm."
          }
        ]
      }
    },
    {
      "336": {
        "ind1": "\\",
        "ind2": "\\",
        "subfields": [
          {
            "a": "text"
          },
          {
            "b": "txt"
          },
          {
            "2": "rdacontent"
          }
        ]
      }
    },
    {
      "337": {
        "ind1": "\\",
        "ind2": "\\",
        "subfields": [
          {
            "a": "unmediated"
          },
          {
            "b": "n"
          },
          {
            "2": "rdamedia"
          }
        ]
      }
    },
    {
      "338": {
        "ind1": "\\",
        "ind2": "\\",
        "subfields": [
          {
            "a": "volume"
          },
          {
            "b": "nc"
          },
          {
            "2": "rdacarrier"
          }
        ]
      }
    },
    {
      "490": {
        "ind1": "1",
        "ind2": "\\",
        "subfields": [
          {
            "a": "Maternity & Child Health Demonstration Project. Publication serial ;"
          },
          {
            "v": "no. 7"
          }
        ]
      }
    },
    {
      "504": {
        "ind1": "\\",
        "ind2": "\\",
        "subfields": [
          {
            "a": "Includes bibliographical references (page 80)."
          }
        ]
      }
    },
    {
      "650": {
        "ind1": "\\",
        "ind2": "0",
        "subfields": [
          {
            "a": "Birth control"
          },
          {
            "z": "Taiwan."
          }
        ]
      }
    },
    {
      "650": {
        "ind1": "\\",
        "ind2": "0",
        "subfields": [
          {
            "a": "Birth control clinics"
          },
          {
            "z": "Taiwan"
          },
          {
            "x": "Administration."
          }
        ]
      }
    },
    {
      "650": {
        "ind1": "\\",
        "ind2": "7",
        "subfields": [
          {
            "a": "Birth control."
          },
          {
            "2": "fast"
          },
          {
            "0": "(OCoLC)fst00833148"
          }
        ]
      }
    },
    {
      "650": {
        "ind1": "\\",
        "ind2": "7",
        "subfields": [
          {
            "a": "Birth control clinics"
          },
          {
            "x": "Administration."
          },
          {
            "2": "fast"
          },
          {
            "0": "(OCoLC)fst00833225"
          }
        ]
      }
    },
    {
      "651": {
        "ind1": "\\",
        "ind2": "7",
        "subfields": [
          {
            "a": "Taiwan."
          },
          {
            "2": "fast"
          },
          {
            "0": "(OCoLC)fst01207854"
          }
        ]
      }
    },
    {
      "810": {
        "ind1": "2",
        "ind2": "\\",
        "subfields": [
          {
            "a": "Maternity & Child Health Demonstration Project."
          },
          {
            "t": "Publication serial ;"
          },
          {
            "v": "no. 7."
          }
        ]
      }
    },
    {
      "994": {
        "ind1": "\\",
        "ind2": "\\",
        "subfields": [
          {
            "a": "Z0"
          },
          {
            "b": "NYRVC"
          }
        ]
      }
    },
    {
      "948": {
        "ind1": "\\",
        "ind2": "\\",
        "subfields": [
          {
            "h": "NO HOLDINGS IN NYRVC - 5 OTHER HOLDINGS"
          }
        ]
      }
    },
    {
      "999": {
        "ind1": "\\",
        "ind2": "\\",
        "subfields": [
          {
            "a": "00000000013265"
          }
        ]
      }
    }
  ]
}